[gd_scene load_steps=3 format=3 uid="uid://c2ohflp6fug6c"]

[ext_resource type="PackedScene" path="res://ui/OctaveKeyboard.tscn" id="1"]
[ext_resource type="Script" path="res://ui/ChannelIndicator.gd" id="1_s3xxt"]

[node name="ChannelIndicator" type="Control"]
layout_mode = 3
anchors_preset = 0
script = ExtResource("1_s3xxt")

[node name="Channel" type="CheckBox" parent="." groups=["channel-switch"]]
layout_mode = 0
offset_left = 4.0
offset_top = 1.0
offset_right = 51.0
offset_bottom = 32.0
text = "01"

[node name="Program" type="Label" parent="."]
layout_mode = 0
offset_left = 52.0
offset_top = 5.0
offset_right = 179.0
offset_bottom = 32.0
text = "Program #"

[node name="Controls" type="VBoxContainer" parent="."]
layout_mode = 0
offset_left = 199.0
offset_top = 6.0
offset_right = 400.0
offset_bottom = 34.0

[node name="First" type="HBoxContainer" parent="Controls"]
layout_mode = 2

[node name="Volume" type="HScrollBar" parent="Controls/First"]
layout_mode = 2
size_flags_horizontal = 3
size_flags_vertical = 1
max_value = 1.0
step = 0.01

[node name="Expression" type="HScrollBar" parent="Controls/First"]
layout_mode = 2
size_flags_horizontal = 3
size_flags_vertical = 1
max_value = 1.0
step = 0.01

[node name="Reverb" type="HScrollBar" parent="Controls/First"]
layout_mode = 2
size_flags_horizontal = 3
size_flags_vertical = 1
max_value = 1.0
step = 0.01

[node name="Chorus" type="HScrollBar" parent="Controls/First"]
layout_mode = 2
size_flags_horizontal = 3
size_flags_vertical = 1
max_value = 1.0
step = 0.01

[node name="Second" type="HBoxContainer" parent="Controls"]
layout_mode = 2

[node name="Pan" type="HScrollBar" parent="Controls/Second"]
layout_mode = 2
size_flags_horizontal = 3
size_flags_vertical = 3
max_value = 1.0
step = 0.01

[node name="PitchBend" type="HScrollBar" parent="Controls/Second"]
layout_mode = 2
size_flags_horizontal = 3
size_flags_vertical = 3
min_value = -1.0
max_value = 1.0
step = 0.01

[node name="PitchBendSensitivity" type="HScrollBar" parent="Controls/Second"]
layout_mode = 2
size_flags_horizontal = 3
size_flags_vertical = 3
min_value = 2.0
max_value = 24.0
step = 1.0
value = 2.0

[node name="Modulation" type="HScrollBar" parent="Controls/Second"]
layout_mode = 2
size_flags_horizontal = 3
size_flags_vertical = 3
max_value = 1.0
step = 0.01

[node name="Hold1" type="CheckBox" parent="."]
layout_mode = 0
offset_left = 402.626
offset_top = 4.93335
offset_right = 426.626
offset_bottom = 28.9333

[node name="Chord" type="Label" parent="."]
layout_mode = 0
offset_left = 426.709
offset_top = 5.97534
offset_right = 485.709
offset_bottom = 31.9753
text = "Chord"

[node name="Keyboards" type="Node2D" parent="."]
position = Vector2(480, 4)

[node name="0" parent="Keyboards" instance=ExtResource("1")]

[node name="1" parent="Keyboards" instance=ExtResource("1")]
position = Vector2(49, 0)

[node name="2" parent="Keyboards" instance=ExtResource("1")]
position = Vector2(98, 0)

[node name="3" parent="Keyboards" instance=ExtResource("1")]
position = Vector2(147, 0)

[node name="4" parent="Keyboards" instance=ExtResource("1")]
position = Vector2(196, 0)

[node name="5" parent="Keyboards" instance=ExtResource("1")]
position = Vector2(245, 0)

[node name="6" parent="Keyboards" instance=ExtResource("1")]
position = Vector2(294, 0)

[node name="7" parent="Keyboards" instance=ExtResource("1")]
position = Vector2(343, 0)

[node name="8" parent="Keyboards" instance=ExtResource("1")]
position = Vector2(392, 0)

[node name="9" parent="Keyboards" instance=ExtResource("1")]
position = Vector2(441, 0)

[node name="10" parent="Keyboards" instance=ExtResource("1")]
position = Vector2(490, 0)

[node name="Splitter" type="Line2D" parent="."]
points = PackedVector2Array(0, 0, 1024, 0)
width = 1.0
default_color = Color(0.505882, 0.517647, 0.619608, 1)

[connection signal="gui_input" from="Channel" to="." method="_on_Channel_gui_input"]
[connection signal="toggled" from="Channel" to="." method="_on_Channel_toggled"]
[connection signal="value_changed" from="Controls/First/Volume" to="." method="_on_Volume_value_changed"]
[connection signal="value_changed" from="Controls/First/Expression" to="." method="_on_Expression_value_changed"]
[connection signal="value_changed" from="Controls/First/Reverb" to="." method="_on_Reverb_value_changed"]
[connection signal="value_changed" from="Controls/First/Chorus" to="." method="_on_Chorus_value_changed"]
[connection signal="value_changed" from="Controls/Second/Pan" to="." method="_on_Pan_value_changed"]
[connection signal="value_changed" from="Controls/Second/PitchBend" to="." method="_on_PitchBend_value_changed"]
[connection signal="value_changed" from="Controls/Second/PitchBendSensitivity" to="." method="_on_PitchBendSensitivity_value_changed"]
[connection signal="value_changed" from="Controls/Second/Modulation" to="." method="_on_Modulation_value_changed"]
[connection signal="toggled" from="Hold1" to="." method="_on_Hold1_toggled"]
